@article{fallers1961ideology,
  title={Ideology and Culture in Uganda Nationalism},
  author={Fallers, Lloyd A},
  journal={American Anthropologist},
  volume={63},
  number={4},
  pages={677--686},
  year={1961},
  publisher={Wiley Online Library}
}
@book{tuan1979space,
  title={Space and place: humanistic perspective},
  author={Tuan, Yi-Fu},
  year={1979},
  publisher={Springer}
}
@book{eliotfour,
  title={Four Quartets},
  author={Eliot, Thomas Stearns},
  year={1944},
  publisher={Faber \& Faber}
}
@article{macdougall1972live,
  title={To Live With Herds: a Dry Season Among the Jie (90 mins)},
  author={MacDougall, David and MacDougall, Judith},
  journal={Los Angeles: University of California Ethnographic Film Program},
  year={1972}
}
@book{nichols,
  title={Representing Reality},
  author={Nichols, Bill},
  journal={Indiana: Indiana University Press},
  year={1991}
 }